<?xml version='1.0' encoding='UTF-8'?>
<record xmlns="http://www.loc.gov/MARC21/slim">
  <leader>01143cam a2200265 a 4500</leader>
  <controlfield tag="001">441145</controlfield>
  <controlfield tag="003">NjP</controlfield>
  <controlfield tag="005">20170905102745.0</controlfield>
  <controlfield tag="008">880115s1985    ir            00010 ara d</controlfield>
  <datafield tag="024" ind1="7" ind2=" ">
    <subfield code="a">princeton_aco001879</subfield>
    <subfield code="2">local</subfield>
  </datafield>
  <datafield ind1=" " ind2=" " tag="035">
    <subfield code="a">(OCoLC)23698579</subfield>
  </datafield>
  <datafield ind1=" " ind2=" " tag="035">
    <subfield code="a">(CStRLIN)NJPG88-B2219</subfield>
  </datafield>
  <datafield ind1=" " ind2=" " tag="035">
    <subfield code="9">ACB6760TS</subfield>
  </datafield>
  <datafield ind1=" " ind2=" " tag="035">
    <subfield code="a">441145</subfield>
  </datafield>
  <datafield ind1=" " ind2=" " tag="040">
    <subfield code="a">NjP</subfield>
    <subfield code="c">NjP</subfield>
    <subfield code="d">NjP</subfield>
  </datafield>
  <datafield ind1="1" ind2=" " tag="100">
    <subfield code="a">Mashkīnī, ʻAlī.</subfield>
  </datafield>
  <datafield ind1="1" ind2="0" tag="245">
    <subfield code="a">Taḥrīr al-maʻālim :</subfield>
    <subfield code="b">muʻadd lil-shurūʻ fī uṣūl al-fiqh /</subfield>
    <subfield code="c">ʻAlī al-Mashkīnī al-Ardabīlī.</subfield>
  </datafield>
  <datafield ind1=" " ind2=" " tag="250">
    <subfield code="a">al-Ṭabʻah 4.</subfield>
  </datafield>
  <datafield ind1=" " ind2=" " tag="260">
    <subfield code="a">Qum :</subfield>
    <subfield code="b">Daftar Nashr al-Hādī,</subfield>
    <subfield code="c">1406 [1985]</subfield>
  </datafield>
  <datafield ind1=" " ind2=" " tag="300">
    <subfield code="a">248 p. ;</subfield>
    <subfield code="c">22 cm.</subfield>
  </datafield>
  <datafield ind1=" " ind2=" " tag="500">
    <subfield code="a">Based on al-Shahīd al-Thānī's work Maʻālim al-uṣūl.</subfield>
  </datafield>
  <datafield ind1=" " ind2="0" tag="650">
    <subfield code="a">Islamic law</subfield>
    <subfield code="x">Interpretation and construction.</subfield>
    <subfield code="0">http://id.loc.gov/authorities/subjects/sh85068455</subfield>
  </datafield>
  <datafield ind1="2" ind2=" " tag="700">
    <subfield code="a">Shahīd al-Thānī, Zayn al-Dīn ibn ʻAlī,</subfield>
    <subfield code="d">1506-1559.</subfield>
    <subfield code="t">Maʻālim al-uṣūl.</subfield>
    <subfield code="0">http://id.loc.gov/authorities/names/n85225611</subfield>
  </datafield>
  <datafield ind1=" " ind2=" " tag="998">
    <subfield code="a">03/31/95</subfield>
    <subfield code="s">9118</subfield>
    <subfield code="n">NjP</subfield>
    <subfield code="w">NJPG88B2219</subfield>
    <subfield code="d">01/15/88</subfield>
    <subfield code="c">KVV</subfield>
    <subfield code="b">KC</subfield>
    <subfield code="i">950331</subfield>
    <subfield code="l">NJPG</subfield>
  </datafield>
  <datafield ind1=" " ind2=" " tag="911">
    <subfield code="a">19950425</subfield>
  </datafield>
  <datafield ind1=" " ind2=" " tag="912">
    <subfield code="a">19950331000000.0</subfield>
  </datafield>
  <datafield ind1="0" ind2="0" tag="852">
    <subfield code="0">480375</subfield>
    <subfield code="b">nec</subfield>
    <subfield code="t">1</subfield>
    <subfield code="h">KBP461</subfield>
    <subfield code="i">.M374 1985</subfield>
  </datafield>
  <datafield ind1=" " ind2=" " tag="959">
    <subfield code="a">2000-06-13 00:00:00 -0500</subfield>
  </datafield>
</record>
